@electronic{UL_Web,
  Author = {Underwriters Laboratories},
  Title = {About UL},
  Url = {http://www.ul.com/global/eng/pages/corporate/aboutul/?set-cookie=true},
}


